@article{PhysRevD.23.347,
  title = {Inflationary universe: A possible solution to the horizon and flatness problems},
  author = {Guth, Alan H.},
  journal = {Phys. Rev. D},
  volume = {23},
  issue = {2},
  pages = {347--356},
  numpages = {0},
  year = {1981},
  month = {Jan},
  publisher = {American Physical Society},
  doi = {10.1103/PhysRevD.23.347},
  url = {https://link.aps.org/doi/10.1103/PhysRevD.23.347}
}
@article{LATTICEEASY,
  title = {LATTICEEASY http://www.felderbooks.com/latticeeasy/},
  author = {Gary Felder and Igor Tkachev},
  url = {http://www.felderbooks.com/latticeeasy/}
}
@article{PhysRevD.89.083502,
  title = {Transition to order after hilltop inflation},
  author = {Gleiser, Marcelo and Graham, Noah},
  journal = {Phys. Rev. D},
  volume = {89},
  issue = {8},
  pages = {083502},
  numpages = {9},
  year = {2014},
  month = {Mar},
  publisher = {American Physical Society},
  doi = {10.1103/PhysRevD.89.083502},
  url = {https://link.aps.org/doi/10.1103/PhysRevD.89.083502}
}
@article{CORREA2014388,
title = "Information-entropic measure of energy-degenerate kinks in two-field models",
journal = "Physics Letters B",
volume = "737",
pages = "388 - 394",
year = "2014",
issn = "0370-2693",
doi = "https://doi.org/10.1016/j.physletb.2014.09.002",
url = "http://www.sciencedirect.com/science/article/pii/S0370269314006522",
author = "R.A.C. Correa and A. de Souza Dutra and M. Gleiser",
}
@article{LINDE1982431,
title = "Coleman-Weinberg theory and the new inflationary universe scenario",
journal = "Physics Letters B",
volume = "114",
number = "6",
pages = "431 - 435",
year = "1982",
issn = "0370-2693",
doi = "https://doi.org/10.1016/0370-2693(82)90086-7",
url = "http://www.sciencedirect.com/science/article/pii/0370269382900867",
author = "A.D. Linde"
}
@article{PhysRevD.49.748,
  title = {Hybrid inflation},
  author = {Linde, Andrei},
  journal = {Phys. Rev. D},
  volume = {49},
  issue = {2},
  pages = {748--754},
  numpages = {0},
  year = {1994},
  month = {Jan},
  publisher = {American Physical Society},
  doi = {10.1103/PhysRevD.49.748},
  url = {https://link.aps.org/doi/10.1103/PhysRevD.49.748}
}
@article{LINDE1982389,
title = "A new inflationary universe scenario: A possible solution of the horizon, flatness, homogeneity, isotropy and primordial monopole problems",
journal = "Physics Letters B",
volume = "108",
number = "6",
pages = "389 - 393",
year = "1982",
issn = "0370-2693",
doi = "https://doi.org/10.1016/0370-2693(82)91219-9",
url = "http://www.sciencedirect.com/science/article/pii/0370269382912199",
author = "A.D. Linde"
}
